<record><leader>00000cas a2200000 a 4500</leader><controlfield tag="001">12881694</controlfield><controlfield tag="008">851207d18611870miuwr ne      0    0eng d</controlfield><datafield ind1=" " ind2=" " tag="010"><subfield code="a">sn 85038665 </subfield></datafield><datafield ind1=" " ind2=" " tag="040"><subfield code="a">NPY</subfield><subfield code="b">eng</subfield><subfield code="c">NPY</subfield><subfield code="d">MHN</subfield><subfield code="d">OCL</subfield><subfield code="d">OCLCQ</subfield><subfield code="d">OCLCO</subfield></datafield><datafield ind1="1" ind2=" " tag="029"><subfield code="a">AU@</subfield><subfield code="b">000020235066</subfield></datafield><datafield ind1=" " ind2=" " tag="042"><subfield code="a">msc</subfield></datafield><datafield ind1=" " ind2=" " tag="043"><subfield code="a">n-us-mi</subfield></datafield><datafield ind1="0" ind2=" " tag="130"><subfield code="a">Oceana times (Pentwater, Mich. : 1861)</subfield></datafield><datafield ind1="1" ind2="4" tag="245"><subfield code="a">The Oceana times.</subfield></datafield><datafield ind1=" " ind2=" " tag="260"><subfield code="a">Pentwater, Oceana Co., Mich. :</subfield><subfield code="b">F.W. Ratzel</subfield></datafield><datafield ind1=" " ind2=" " tag="300"><subfield code="a">v. ;</subfield><subfield code="c">50-60 cm.</subfield></datafield><datafield ind1=" " ind2=" " tag="310"><subfield code="a">Weekly</subfield></datafield><datafield ind1="1" ind2=" " tag="362"><subfield code="a">Began in 1861; ceased in 1870.</subfield><subfield code="z">Cf. Gregory, W. Amer. newspapers.</subfield></datafield><datafield ind1=" " ind2=" " tag="500"><subfield code="a">Published on Friday.</subfield></datafield><datafield ind1=" " ind2=" " tag="500"><subfield code="a">The 1865 issue carries Middlesex &amp; Pentwater on its masthead, and the publisher statement states: "published at Pentwater, Oceana Co., Mich.". Middlesex, Mich. is not listed in any gazetteer.</subfield></datafield><datafield ind1=" " ind2=" " tag="500"><subfield code="a">Editor: F.W. Ratzel, &lt;1861-1869&gt;.</subfield></datafield><datafield ind1=" " ind2=" " tag="580"><subfield code="a">Continued by: East Shore news?</subfield></datafield><datafield ind1=" " ind2=" " tag="588"><subfield code="a">Description based on: Vol. 1, no. 18 (Aug. 23, 1861).</subfield></datafield><datafield ind1=" " ind2="0" tag="651"><subfield code="a">Pentwater (Mich.)</subfield><subfield code="v">Newspapers.</subfield></datafield><datafield ind1=" " ind2="0" tag="651"><subfield code="a">Middlesex (Mich.)</subfield><subfield code="v">Newspapers.</subfield></datafield><datafield ind1=" " ind2="0" tag="651"><subfield code="a">Oceana County (Mich.)</subfield><subfield code="v">Newspapers.</subfield></datafield><datafield ind1="1" ind2=" " tag="700"><subfield code="a">Ratzel, F. W.</subfield></datafield><datafield ind1=" " ind2=" " tag="752"><subfield code="a">United States</subfield><subfield code="b">Michigan</subfield><subfield code="c">Oceana</subfield><subfield code="d">Pentwater.</subfield></datafield><datafield ind1="1" ind2="0" tag="785"><subfield code="a">East Shore news</subfield><subfield code="w">(DLC)sn 97063418</subfield><subfield code="w">(OCoLC)38109574</subfield></datafield></record>